
1111111111111111111111111111111111111111111111111111111111111111111111111111111111
1111111111111111111111111111111111111111111111111111111111111111111111111111111111
11111111111111111111111111111111111111rrrrrrr1111111111111111111111111111111111111
1111111111111111111111111111111rrrrrrrrrrrrrrrrrrrrr111111111111111111111111111111
11111111111111111111111rrrrrrrrrrrrrrrrrrrrrrrrrrrrrrrrrrrrr1111111111111111111111
11111111111111111111rrrrrrrrrrrrrryyyyyyyyyyyyyyyrrrrrrrrrrrrrr1111111111111111111
11111111111111111rrrrrrrrryyyyyyyryyyyyyyyyyyyyyyyyyyyyyyrrrrrrrrr1111111111111111
11111111111111rrrrrrrrryyyyyyyyyyyyyyyyyyyyyyyyyryyyyyyyyyyyrrrrrrrrr1111111111111
11111111111rrrrrrrrrryyyyyyyyyyyyyryyyyyyyyyyyyyryyyyyyyyyyyyyrrrrrrrrrr1111111111
111111111rrrrrrrryyyyyyyyyyyyyyyyyrryyyyyyyyyyyryyyyyyyyyyyyyryyyyrrrrrrrr11111111
2222222rrrrrrryyyyyyyyryyyyyyyyyyyyryyyyyyyyyyyryyyyyyyyyyyyryyyyyyyyrrrrrrr222222
222222rrrrrryyyyyyyyyyyryyyyyyyyyyyrryyyyyyyyyrryyyyyyyyyyyryyyyyyyyyyyrrrrrr22222
22222rrrrrryyyyyyyyyyyyyryyyyyyyyyyrryyyyyyyyyryyyyyyyyyyrryyyyyyyyyyyyyrrrrrr2222
222rrrrrrrryyyyyyyyyyyyyyrryyyyyyyyyryyyyyyyyrryyyyyyyyyrryyyyyyyyyyyyyrrrrrrrrr22
22rrrrrryyyyyryyyyyyyyyyyyrryyyyyyyyrryyyyyyyrryyyyyyyyrryyyyyyyyyyyrryyyyyrrrrrr2
2rrrrrryyyyyyyyrryyyyyyyyyyrryyyyyyyrryyyyyyrryyyyyyyrrryyyyyyyyyyrryyyyyyyyrrrrr2
2rrrrrryyyyyyyyyyrryyyyyyyyyrryyyyyyyrryyyyyrryyyyyyrrryyyyyyyyrrryyyyyyyyyyrrrrr2
22rrrrrryyyyyyyyyyyrrryyyyyyyrrryyyyyrryyyyrrryyyyyrrryyyyyyyrrryyyyyyyyyyyrrrrrr2
222rrrrrrryyyyyyyyyyyrrryyyyyyrrryyyyrrryyyrryyyyyrrryyyyyyrrryyyyyyyyyyyrrrrrrr22
2222rrrrrrrryyyyyyyyyyyrrryyyyyrrryyyyrryyrrryyyyrrryyyyyrrryyyyyyyyyyyrrrrrrrr222
333rrrrrryyyyyrryyyyyyyyyrrryyyyrrryyyrrryrrryyrrrryyyrrrryyyyyyyyyrryyyyyrrrrrr33
333rrrrrryyyyyyyyrryyyyyyyyrrrryyrrrryrrrrrrryrrrryyrrrryyyyyyyyrryyyyyyyyrrrrrr33
3333rrrrrrryyyyyyyyyrrryyyyyyrrrryrrrrrrrrrrrrrrryrrrryyyyyyrrryyyyyyyyyrrrrrrr333
33333rrrrrrrrrrrrryyyyyrrrryyyrrrrrrrrrrrrrrrrrrrrrrryyyrrrryyyyyrrrrrrrrrrrr33333
33333333rrrrrrrrrrrrrrryyyrrrrrrrrrrrrrrrrrrrrrrrrrrrrrrryyyrrrrrrrrrrrrrr33333333
333333333333333rrrrrrrryrrrryrrrrrrrrrrrrrrrrrrrrrrrrryrrrryrrrrrrrr33333333333333
33333333333333333rrrrrryyyyyyrrrrrrrrrrrrrrrrrrrrrrrrryyyyyyrrrrrr3333333333333333
33333333333333333rrrrrryyyyyyyyyrrrrrrrrrrrrrrrrrrryyyyyyyyyrrrrrr3333333333333333
333333333333333333rrrrrrrrrrrrrrrrrrrrrrrrrrrrrrrrrrrrrrrrrrrrrrr33333333333333333
33333333333333333333rrrrrrrrrrrrrrrrrrrrrrrrrrrrrrrrrrrrrrrrrrr3333333333333333333
44444444444444444444444444444444444rrrrrrrrrrrrr4444444444444444444444444444444444
4444444444444444444444444444444444444444444444444444444444444444444444444444444444
44444444444444444444444444444444444444444444444444444444444444444444   4   4444444
4444444444444444444444  4444444444444  444444444   44444444444444444   4   4444444
444444    4   4   4444444   4   444444444     44   444444444   44444   4   4444444
4444444   44  44   44   44   44   44   4   44444     44444  444   44   4   4444444
4444444   44  44   44   44   44   44   444    44   44  44         44   4   4444444
4444444   44  44   44   44   44   44   44444   4  444   4  444444444   4   4444444
444444    44  44   4    4    44   4    4      44  444   444     4444   4   4444444
4444444444444444444444444444444444444444444444444444444444444444444444444444444444
4444444444444444444444444444444444444444444444444444444444444444444444444444444444

